@String(PAMI  = {IEEE TPAMI})
@String(IJCV  = {IJCV})
@String(CVPR  = {CVPR})
@String(ICCV  = {ICCV})
@String(ECCV  = {ECCV})
@String(NIPS  = {NeurIPS})
@String(ICPR  = {ICPR})
@String(BMVC  =	{BMVC})
@String(TOG   = {ACM TOG})
@String(TIP   = {IEEE TIP})
@String(TVCG  = {IEEE TVCG})
@String(TCSVT = {IEEE TCSVT})
@String(TMM   =	{IEEE TMM})
@String(ACMMM = {ACM MM})
@String(ICME  =	{ICME})
@String(ICASSP=	{ICASSP})
@String(ICIP  = {ICIP})
@String(ACCV  = {ACCV})
@String(ICLR  = {ICLR})
@String(IJCAI = {IJCAI})
@String(PR = {PR})
@String(AAAI = {AAAI})
@String(CVPRW= {CVPRW})
@String(CSVT = {IEEE TCSVT})



@String(PAMI = {IEEE Trans. Pattern Anal. Mach. Intell.})
@String(IJCV = {Int. J. Comput. Vis.})
@String(CVPR= {IEEE Conf. Comput. Vis. Pattern Recog.})
@String(ICCV= {Int. Conf. Comput. Vis.})
@String(ECCV= {Eur. Conf. Comput. Vis.})
@String(NIPS= {Adv. Neural Inform. Process. Syst.})
@String(ICPR = {Int. Conf. Pattern Recog.})
@String(BMVC= {Brit. Mach. Vis. Conf.})
@String(TOG= {ACM Trans. Graph.})
@String(TIP  = {IEEE Trans. Image Process.})
@String(TVCG  = {IEEE Trans. Vis. Comput. Graph.})
@String(TMM  = {IEEE Trans. Multimedia})
@String(ACMMM= {ACM Int. Conf. Multimedia})
@String(ICME = {Int. Conf. Multimedia and Expo})
@String(ICASSP=	{ICASSP})
@String(ICIP = {IEEE Int. Conf. Image Process.})
@String(ACCV  = {ACCV})
@String(ICLR = {Int. Conf. Learn. Represent.})
@String(IJCAI = {IJCAI})
@String(PR   = {Pattern Recognition})
@String(AAAI = {AAAI})
@String(CVPRW= {IEEE Conf. Comput. Vis. Pattern Recog. Worksh.})
@String(CSVT = {IEEE Trans. Circuit Syst. Video Technol.})

@String(SPL	= {IEEE Sign. Process. Letters})
@String(VR   = {Vis. Res.})
@String(JOV	 = {J. Vis.})
@String(TVC  = {The Vis. Comput.})
@String(JCST  = {J. Comput. Sci. Tech.})
@String(CGF  = {Comput. Graph. Forum})
@String(CVM = {Computational Visual Media})

@inproceedings{jabri2020walk,
  title={Space-Time Correspondence as a Contrastive Random Walk},
  author={Jabri, Allan and Owens, Andrew and Efros, Alexei A},
  booktitle={NeurIPS},
  year={2020}
}


@inproceedings{carreira2017quo,
  title={Quo vadis, action recognition? a new model and the kinetics dataset},
  author={Carreira, Joao and Zisserman, Andrew},
  booktitle={proceedings of the IEEE Conference on Computer Vision and Pattern Recognition},
  pages={6299--6308},
  year={2017}
}

@inproceedings{Wills03,
  author    = {Josh Wills and Sameer Agarwal and Serge J. Belongie},
  title     = {What Went Where},
  booktitle = {CVPR},
  year={2013}
}

@inproceedings{schwarz1978estimating,
  title={Estimating the dimension of a model},
  author={Schwarz, Gideon and others},
  booktitle={Annals of statistics},
  year={1978}
}

@inproceedings{ozden2010multibody,
  title={Multibody structure-from-motion in practice},
  author={Ozden, Kemal E and Schindler, Konrad and Van Gool, Luc},
  booktitle={TPAMI},
  year={2010},
}


@inproceedings{li2019joint,
  title={Joint-task self-supervised learning for temporal correspondence},
  author={Li, Xueting and Liu, Sifei and de Mello, Shalini and Wang, Xiaolong and Kautz, Jan and Yang, Ming Hsuan},
  booktitle={NeurlPS},
  year={2019}
}

@inproceedings{wu2013online,
  title={Online object tracking: A benchmark},
  author={Wu, Yi and Lim, Jongwoo and Yang, Ming-Hsuan},
  booktitle={CVPR},
  year={2013}
}

@MISC{Ullman85theoptical,
    author = {Shimon Ullman},
    title = {The Optical Flow of Planar Surfaces},
    year = {1985}
}

@ARTICLE{879791,
  author={L. {Zelnik-Manor} and M. {Irani}},
  journal={IEEE Transactions on Pattern Analysis and Machine Intelligence}, 
  title={Multi-frame estimation of planar motion}, 
  year={2000},
  volume={22},
  number={10},
  pages={1105-1116},
  doi={10.1109/34.879791}
}

@MISC{Chella00understandingdynamic,
    author = {A. Chella and M. Frixione and S. Gaglio},
    title = { Understanding Dynamic Scenes},
    year = {2000}
}

@inproceedings{DBLP:conf/cvpr/Zelnik-ManorI01,
  author    = {Lihi Zelnik{-}Manor and
               Michal Irani},
  title     = {Event-Based Analysis of Video},
  booktitle = {2001 {IEEE} Computer Society Conference on Computer Vision and Pattern
               Recognition {(CVPR} 2001), with CD-ROM, 8-14 December 2001, Kauai,
               HI, {USA}},
  pages     = {123--130},
  publisher = {{IEEE} Computer Society},
  year      = {2001},
  url       = {https://doi.org/10.1109/CVPR.2001.990935},
  doi       = {10.1109/CVPR.2001.990935},
  timestamp = {Wed, 16 Oct 2019 14:14:50 +0200},
  biburl    = {https://dblp.org/rec/conf/cvpr/Zelnik-ManorI01.bib},
  bibsource = {dblp computer science bibliography, https://dblp.org}
}

@INPROCEEDINGS{Niyogi94analyzinggait,
    author = {Sourabh A. Niyogi and Edward H. Adelson},
    title = {Analyzing Gait With Spatiotemporal Surfaces},
    booktitle = {In IEEE Workshop on Motion of Non-Rigid and Articulated Objects},
    year = {1994},
    pages = {64--69}
}

@inproceedings{feichtenhofer2019slowfast,
  title={Slowfast networks for video recognition},
  author={Feichtenhofer, Christoph and Fan, Haoqi and Malik, Jitendra and He, Kaiming},
  booktitle={Proceedings of the IEEE/CVF International Conference on Computer Vision},
  pages={6202--6211},
  year={2019}
}

@inproceedings{DBLP:conf/icml/ChenK0H20,
  author    = {Ting Chen and
               Simon Kornblith and
               Mohammad Norouzi and
               Geoffrey E. Hinton},
  title     = {A Simple Framework for Contrastive Learning of Visual Representations},
  booktitle = {Proceedings of the 37th International Conference on Machine Learning,
               {ICML} 2020, 13-18 July 2020, Virtual Event},
  series    = {Proceedings of Machine Learning Research},
  volume    = {119},
  pages     = {1597--1607},
  publisher = {{PMLR}},
  year      = {2020},
  url       = {http://proceedings.mlr.press/v119/chen20j.html},
  timestamp = {Tue, 15 Dec 2020 17:40:18 +0100},
  biburl    = {https://dblp.org/rec/conf/icml/ChenK0H20.bib},
  bibsource = {dblp computer science bibliography, https://dblp.org}
}
@inproceedings{DBLP:conf/cvpr/ChopraHL05,
  author    = {Sumit Chopra and
               Raia Hadsell and
               Yann LeCun},
  title     = {Learning a Similarity Metric Discriminatively, with Application to
               Face Verification},
  booktitle = {2005 {IEEE} Computer Society Conference on Computer Vision and Pattern
               Recognition {(CVPR} 2005), 20-26 June 2005, San Diego, CA, {USA}},
  pages     = {539--546},
  publisher = {{IEEE} Computer Society},
  year      = {2005},
  url       = {https://doi.org/10.1109/CVPR.2005.202},
  doi       = {10.1109/CVPR.2005.202},
  timestamp = {Wed, 16 Oct 2019 14:14:50 +0200},
  biburl    = {https://dblp.org/rec/conf/cvpr/ChopraHL05.bib},
  bibsource = {dblp computer science bibliography, https://dblp.org}
}

@article{DBLP:journals/pami/DosovitskiyFSRB16,
  author    = {Alexey Dosovitskiy and
               Philipp Fischer and
               Jost Tobias Springenberg and
               Martin A. Riedmiller and
               Thomas Brox},
  title     = {Discriminative Unsupervised Feature Learning with Exemplar Convolutional
               Neural Networks},
  journal   = {{IEEE} Trans. Pattern Anal. Mach. Intell.},
  volume    = {38},
  number    = {9},
  pages     = {1734--1747},
  year      = {2016},
  url       = {https://doi.org/10.1109/TPAMI.2015.2496141},
  doi       = {10.1109/TPAMI.2015.2496141},
  timestamp = {Wed, 14 Nov 2018 10:51:11 +0100},
  biburl    = {https://dblp.org/rec/journals/pami/DosovitskiyFSRB16.bib},
  bibsource = {dblp computer science bibliography, https://dblp.org}
}

@inproceedings{DBLP:conf/cvpr/He0WXG20,
  author    = {Kaiming He and
               Haoqi Fan and
               Yuxin Wu and
               Saining Xie and
               Ross B. Girshick},
  title     = {Momentum Contrast for Unsupervised Visual Representation Learning},
  booktitle = {2020 {IEEE/CVF} Conference on Computer Vision and Pattern Recognition,
               {CVPR} 2020, Seattle, WA, USA, June 13-19, 2020},
  pages     = {9726--9735},
  publisher = {{IEEE}},
  year      = {2020},
  url       = {https://doi.org/10.1109/CVPR42600.2020.00975},
  doi       = {10.1109/CVPR42600.2020.00975},
  timestamp = {Tue, 11 Aug 2020 16:59:49 +0200},
  biburl    = {https://dblp.org/rec/conf/cvpr/He0WXG20.bib},
  bibsource = {dblp computer science bibliography, https://dblp.org}
}

@inproceedings{DBLP:conf/iclr/HjelmFLGBTB19,
  author    = {R. Devon Hjelm and
               Alex Fedorov and
               Samuel Lavoie{-}Marchildon and
               Karan Grewal and
               Philip Bachman and
               Adam Trischler and
               Yoshua Bengio},
  title     = {Learning deep representations by mutual information estimation and
               maximization},
  booktitle = {7th International Conference on Learning Representations, {ICLR} 2019,
               New Orleans, LA, USA, May 6-9, 2019},
  publisher = {OpenReview.net},
  year      = {2019},
  url       = {https://openreview.net/forum?id=Bklr3j0cKX},
  timestamp = {Thu, 25 Jul 2019 13:03:16 +0200},
  biburl    = {https://dblp.org/rec/conf/iclr/HjelmFLGBTB19.bib},
  bibsource = {dblp computer science bibliography, https://dblp.org}
}

@inproceedings{DBLP:conf/icra/SermanetLCHJSLB18,
  author    = {Pierre Sermanet and
               Corey Lynch and
               Yevgen Chebotar and
               Jasmine Hsu and
               Eric Jang and
               Stefan Schaal and
               Sergey Levine},
  title     = {Time-Contrastive Networks: Self-Supervised Learning from Video},
  booktitle = {2018 {IEEE} International Conference on Robotics and Automation, {ICRA}
               2018, Brisbane, Australia, May 21-25, 2018},
  pages     = {1134--1141},
  publisher = {{IEEE}},
  year      = {2018},
  url       = {https://doi.org/10.1109/ICRA.2018.8462891},
  doi       = {10.1109/ICRA.2018.8462891},
  timestamp = {Wed, 16 Oct 2019 14:14:51 +0200},
  biburl    = {https://dblp.org/rec/conf/icra/SermanetLCHJSLB18.bib},
  bibsource = {dblp computer science bibliography, https://dblp.org}
}

@inproceedings{DBLP:conf/eccv/TianKI20,
  author    = {Yonglong Tian and
               Dilip Krishnan and
               Phillip Isola},
  editor    = {Andrea Vedaldi and
               Horst Bischof and
               Thomas Brox and
               Jan{-}Michael Frahm},
  title     = {Contrastive Multiview Coding},
  booktitle = {Computer Vision - {ECCV} 2020 - 16th European Conference, Glasgow,
               UK, August 23-28, 2020, Proceedings, Part {XI}},
  series    = {Lecture Notes in Computer Science},
  volume    = {12356},
  pages     = {776--794},
  publisher = {Springer},
  year      = {2020},
  url       = {https://doi.org/10.1007/978-3-030-58621-8\_45},
  doi       = {10.1007/978-3-030-58621-8\_45},
  timestamp = {Fri, 27 Nov 2020 15:04:44 +0100},
  biburl    = {https://dblp.org/rec/conf/eccv/TianKI20.bib},
  bibsource = {dblp computer science bibliography, https://dblp.org}
}

@article{DBLP:journals/corr/abs-1807-03748,
  author    = {A{\"{a}}ron van den Oord and
               Yazhe Li and
               Oriol Vinyals},
  title     = {Representation Learning with Contrastive Predictive Coding},
  journal   = {CoRR},
  volume    = {abs/1807.03748},
  year      = {2018},
  url       = {http://arxiv.org/abs/1807.03748},
  archivePrefix = {arXiv},
  eprint    = {1807.03748},
  timestamp = {Mon, 13 Aug 2018 16:48:25 +0200},
  biburl    = {https://dblp.org/rec/journals/corr/abs-1807-03748.bib},
  bibsource = {dblp computer science bibliography, https://dblp.org}
}

@inproceedings{DBLP:conf/cvpr/WuXYL18,
  author    = {Zhirong Wu and
               Yuanjun Xiong and
               Stella X. Yu and
               Dahua Lin},
  title     = {Unsupervised Feature Learning via Non-Parametric Instance Discrimination},
  booktitle = {2018 {IEEE} Conference on Computer Vision and Pattern Recognition,
               {CVPR} 2018, Salt Lake City, UT, USA, June 18-22, 2018},
  pages     = {3733--3742},
  publisher = {{IEEE} Computer Society},
  year      = {2018},
  url       = {http://openaccess.thecvf.com/content\_cvpr\_2018/html/Wu\_Unsupervised\_Feature\_Learning\_CVPR\_2018\_paper.html},
  doi       = {10.1109/CVPR.2018.00393},
  timestamp = {Sat, 19 Oct 2019 20:23:59 +0200},
  biburl    = {https://dblp.org/rec/conf/cvpr/WuXYL18.bib},
  bibsource = {dblp computer science bibliography, https://dblp.org}
}

@misc{Authors14,
 author = {FirstName LastName},
 title = {The frobnicatable foo filter},
 note = {Face and Gesture  submission ID 324. Supplied as additional material {\tt fg324.pdf}},
 year = 2014
}

@inproceedings{liu2019planercnn,
  title={Planercnn: 3d plane detection and reconstruction from a single image},
  author={Liu, Chen and Kim, Kihwan and Gu, Jinwei and Furukawa, Yasutaka and Kautz, Jan},
  booktitle={CVPR},
  year={2019}
}

% @article{jabri2020space,
%   title={Space-time correspondence as a contrastive random walk},
%   author={Jabri, Allan and Owens, Andrew and Efros, Alexei A},
%   journal={arXiv preprint arXiv:2006.14613},
%   year={2020}
% }


@article{ranftl2020towards,
  title={Towards Robust Monocular Depth Estimation: Mixing Datasets for Zero-shot Cross-dataset Transfer},
  author={Ranftl, Rene and Lasinger, Katrin and Hafner, David and Schindler, Konrad and Koltun, Vladlen},
  journal={TPAMI},
  year={2020},
  publisher={IEEE}
}

@inproceedings{avetisyan2019end,
  title={End-to-end cad model retrieval and 9dof alignment in 3d scans},
  author={Avetisyan, Armen and Dai, Angela and Nie{\ss}ner, Matthias},
  booktitle={ICCV},
  year={2019}
}


@inproceedings{zheng2020structured3d,
  title={Structured3D: A Large Photo-realistic Dataset for Structured 3D Modeling},
  author={Zheng, Jia and Zhang, Junfei and Li, Jing and Tang, Rui and Gao, Shenghua and Zhou, Zihan},
  booktitle={2020 European Conference on Computer Vision},
  year={2020}
}

@inproceedings{dahnert2019joint,
  title={Joint embedding of 3d scan and cad objects},
  author={Dahnert, Manuel and Dai, Angela and Guibas, Leonidas J and Niessner, Matthias},
  booktitle={Proceedings of the IEEE/CVF International Conference on Computer Vision},
  pages={8749--8758},
  year={2019}
}

@incollection{gingold2009structured,
  title={Structured annotations for 2D-to-3D modeling},
  author={Gingold, Yotam and Igarashi, Takeo and Zorin, Denis},
  booktitle={ACM SIGGRAPH Asia 2009 papers},
  pages={1--9},
  year={2009}
}

@inproceedings{godard2019digging,
  title={Digging into self-supervised monocular depth estimation},
  author={Godard, Cl{\'e}ment and Mac Aodha, Oisin and Firman, Michael and Brostow, Gabriel J},
  booktitle={Proceedings of the IEEE/CVF International Conference on Computer Vision},
  pages={3828--3838},
  year={2019}
}


@inproceedings{yang2018recovering,
  title={Recovering 3D planes from a single image via convolutional neural networks},
  author={Yang, Fengting and Zhou, Zihan},
  booktitle={ECCV},
  year={2018}
}

@article{srivastava2014dropout,
  title={Dropout: a simple way to prevent neural networks from overfitting},
  author={Srivastava, Nitish and Hinton, Geoffrey and Krizhevsky, Alex and Sutskever, Ilya and Salakhutdinov, Ruslan},
  journal={The journal of machine learning research},
  volume={15},
  number={1},
  pages={1929--1958},
  year={2014},
  publisher={JMLR. org}
}

@inproceedings{he2017mask,
  title={Mask r-cnn},
  author={He, Kaiming and Gkioxari, Georgia and Doll{\'a}r, Piotr and Girshick, Ross},
  booktitle={Proceedings of the IEEE international conference on computer vision},
  pages={2961--2969},
  year={2017}
}

@inproceedings{schonberger2016structure,
  title={Structure-from-motion revisited},
  author={Schonberger, Johannes L and Frahm, Jan-Michael},
  booktitle={CVPR},
  year={2016}
}
@inproceedings{Luo-VideoDepth-2020,
  author    = {Luo, Xuan and Huang, Jia{-}Bin and Szeliski, Richard and Matzen, Kevin and Kopf, Johannes},
  title     = {Consistent Video Depth Estimation},
  booktitle = {SIGGRAPH},
  year = {2020}
}

@inproceedings{lin2019photometric,
  title={Photometric Mesh Optimization for Video-Aligned 3D Object Reconstruction},
  author={Lin, Chen-Hsuan and Wang, Oliver and Russell, Bryan C and Shechtman, Eli and Kim, Vladimir G and Fisher, Matthew and Lucey, Simon},
  booktitle={CVPR},
  year={2019}
}

@inproceedings{CVPR2019_CycleTime,
    Author = {Xiaolong Wang and Allan Jabri and Alexei A. Efros},
    Title = {Learning Correspondence from the Cycle-Consistency of Time},
    booktitle = {CVPR},
    Year = {2019},
}

@inproceedings{sarlin20superglue,
  title     = {{SuperGlue}: Learning Feature Matching with Graph Neural Networks},
  author    = {Paul-Edouard Sarlin and
               Daniel DeTone and
               Tomasz Malisiewicz and
               Andrew Rabinovich},
  booktitle = {CVPR},
  year      = {2020},
}

@inproceedings{whelan2015elasticfusion,
  title={ElasticFusion: Dense SLAM without a pose graph},
  author={Whelan, Thomas and Leutenegger, Stefan and Salas-Moreno, R and Glocker, Ben and Davison, Andrew},
  booktitle={RSS},
  year={2015}
}

@inproceedings{sinha2010multi,
  title={A multi-stage linear approach to structure from motion},
  author={Sinha, Sudipta N and Steedly, Drew and Szeliski, Richard},
  booktitle={ECCV},
  year={2010}
}

@inproceedings{dani2011single,
  title={Single camera structure and motion},
  author={Dani, Ashwin P and Fischer, Nicholas R and Dixon, Warren E},
  booktitle={TACON},
  year={2011}
}

@inproceedings{tamaazousti2011nonlinear,
  title={Nonlinear refinement of structure from motion reconstruction by taking advantage of a partial knowledge of the environment},
  author={Tamaazousti, Mohamed and Gay-Bellile, Vincent and Collette, Sylvie Naudet and Bourgeois, Steve and Dhome, Michel},
  booktitle={CVPR},
  year={2011}
}


@article{pont2017,
  title={The 2017 DAVIS Challenge on Video Object Segmentation},
  author={Pont-Tuset, Jordi and Perazzi, Federico and Caelles, Sergi and Arbel{\'a}ez, Pablo and Sorkine-Hornung, Alexander and Van Gool, Luc}
}

@inproceedings{perazzi2016benchmark,
  title={A benchmark dataset and evaluation methodology for video object segmentation},
  author={Perazzi, Federico and Pont-Tuset, Jordi and McWilliams, Brian and Van Gool, Luc and Gross, Markus and Sorkine-Hornung, Alexander},
  booktitle={CVPR},
  year={2016}
}

@inproceedings{raposo2013plane,
  title={Plane-based Odometry using an RGB-D Camera.},
  author={Raposo, Carolina and Louren{\c{c}}o, Miguel and Antunes, Michel and Barreto, Jo{\~a}o Pedro},
  booktitle={BMVC},
  year={2013},
}

@inproceedings{raposo2016pi,
  title={{$\pi$Match}: Monocular vSLAM and Piecewise Planar Reconstruction Using Fast Plane Correspondences},
  author={Raposo, Carolina and Barreto, Joao P},
  booktitle={ECCV},
  year={2016},
}
@inproceedings{Eigen15,
    title = {Predicting Depth, Surface Normals and Semantic Labels with a Common Multi-Scale Convolutional Architecture},
    author = {David Eigen and Rob Fergus},
    booktitle = {ICCV},
    year = 2015
}
@inproceedings{Wang15,
    title = {Designing Deep Networks for Surface Normal Estimation},
    author = {Wang, Xiaolong and Fouhey, David F. and Gupta, Abhinav},
    booktitle = {CVPR},
    year = {2015},
}
@inproceedings{choy20163d,
  title={3D-R2N2: A Unified Approach for Single and Multi-view 3D Object Reconstruction},
  author={Choy, Christopher B and Xu, Danfei and Gwak, JunYoung and Chen, Kevin and Savarese, Silvio},
  booktitle = {ECCV},
  year={2016}
}

@inproceedings{Girdhar16b,
    title = {Learning a Predictable and Generative Vector Representation for Objects},
    author = {Girdhar, R. and Fouhey, D.F. and Rodriguez, M. and Gupta, A.},
    booktitle = {ECCV},
    year = {2016},
}
@inproceedings{Ranftl2020,
	author    = {Ren\'{e} Ranftl and Katrin Lasinger and David Hafner and Konrad Schindler and Vladlen Koltun},
	title     = {Towards Robust Monocular Depth Estimation: Mixing Datasets for Zero-shot Cross-dataset Transfer},
	booktitle   = {TPAMI},
	year      = {2020},
}
@inproceedings{liu2018planenet,
  title={Planenet: Piece-wise planar reconstruction from a single rgb image},
  author={Liu, Chen and Yang, Jimei and Ceylan, Duygu and Yumer, Ersin and Furukawa, Yasutaka},
  booktitle={CVPR},
  year={2018}
}
@inproceedings{yang2018recovering,
  title={Recovering 3D planes from a single image via convolutional neural networks},
  author={Yang, Fengting and Zhou, Zihan},
  booktitle={ECCV},
  year={2018}
}
@inproceedings{YuZLZG19,
  author    = {Zehao Yu and Jia Zheng and Dongze Lian and Zihan Zhou and Shenghua Gao},
  title     = {Single-Image Piece-wise Planar 3D Reconstruction via Associative Embedding},
  booktitle = {CVPR},
  year      = {2019}
}
@inproceedings{chen2020oasis,
  title={OASIS: A Large-Scale Dataset for Single Image 3D in the Wild},
  author={Chen, Weifeng and Qian, Shengyi and Fan, David and Kojima, Noriyuki and Hamilton, Max and Deng, Jia},
  booktitle={CVPR},
  year={2020}
}
@inproceedings{jiang2020peek,
  title={Peek-a-Boo: Occlusion Reasoning in Indoor Scenes With Plane Representations},
  author={Jiang, Ziyu and Liu, Buyu and Schulter, Samuel and Wang, Zhangyang and Chandraker, Manmohan},
  booktitle={CVPR},
  year={2020}
}
@inproceedings{wang2018vid2vid,
title={Video-to-Video Synthesis},
author={Ting-Chun Wang and Ming-Yu Liu and Jun-Yan Zhu and Guilin Liu and Andrew Tao and Jan Kautz and Bryan Catanzaro},
booktitle={NeurIPS},
year={2018}
}
@article {bonneel2015blind,
    title={Blind Video Temporal Consistency},
    author={Nicolas Bonneel and James Tompkin and Kalyan Sunkavalli and Deqing Sun and Sylvain Paris and Hanspeter Pfister},
    journal={ACM Transactions on Graphics (SIGGRAPH Asia)},
    year={2015},
}
@inproceedings{Lai-ECCV-2018,
    author    = {Lai, Wei-Sheng and Huang, Jia-Bin and Wang, Oliver and Shechtman, Eli and Yumer, Ersin and Yang, Ming-Hsuan}, 
    title     = {Learning Blind Video Temporal Consistency}, 
    booktitle = {ECCV},
    year      = {2018}
}
@inproceedings{karsch2014depth,
  title={Depth transfer: Depth extraction from video using non-parametric sampling},
  author={Karsch, Kevin and Liu, Ce and Kang, Sing Bing},
  booktitle={TPAMI},
  year={2014},
}
@inproceedings{patil2020don,
  title={Don’t forget the past: Recurrent depth estimation from monocular video},
  author={Patil, Vaishakh and Van Gansbeke, Wouter and Dai, Dengxin and Van Gool, Luc},
  booktitle={RA-L},
  year={2020},
}
@inproceedings{wang2019recurrent,
  title={Recurrent neural network for (un-) supervised learning of monocular video visual odometry and depth},
  author={Wang, Rui and Pizer, Stephen M and Frahm, Jan-Michael},
  booktitle={CVPR},
  year={2019}
}
@inproceedings{zhang2019exploiting,
  title={Exploiting temporal consistency for real-time video depth estimation},
  author={Zhang, Haokui and Shen, Chunhua and Li, Ying and Cao, Yuanzhouhan and Liu, Yu and Yan, Youliang},
  booktitle={ICCV},
  year={2019}
}
@inproceedings{dai2017scannet,
    title={ScanNet: Richly-annotated 3D Reconstructions of Indoor Scenes},
    author={Dai, Angela and Chang, Angel X. and Savva, Manolis and Halber, Maciej and Funkhouser, Thomas and Nie{\ss}ner, Matthias},
    booktitle = {CVPR},
    year = {2017}
}

@inproceedings{lin2017feature,
  title={Feature pyramid networks for object detection},
  author={Lin, Tsung-Yi and Doll{\'a}r, Piotr and Girshick, Ross and He, Kaiming and Hariharan, Bharath and Belongie, Serge},
  booktitle={CVPR},
  year={2017}
}

@inproceedings{long2015fully,
  title={Fully convolutional networks for semantic segmentation},
  author={Long, Jonathan and Shelhamer, Evan and Darrell, Trevor},
  booktitle={Proceedings of the IEEE conference on computer vision and pattern recognition},
  pages={3431--3440},
  year={2015}
}

@article{Rezatofighi_2018_CVPR,
  author    = {Rezatofighi, Hamid and Tsoi, Nathan and Gwak, JunYoung and Sadeghian, Amir and Reid, Ian and Savarese, Silvio},
  title     = {Generalized Intersection over Union},
  booktitle = {The IEEE Conference on Computer Vision and Pattern Recognition (CVPR)},
  month     = {June},
  year      = {2019},
}

@inproceedings{perazzi2016benchmark,
  title={A benchmark dataset and evaluation methodology for video object segmentation},
  author={Perazzi, Federico and Pont-Tuset, Jordi and McWilliams, Brian and Van Gool, Luc and Gross, Markus and Sorkine-Hornung, Alexander},
  booktitle={Proceedings of the IEEE conference on computer vision and pattern recognition},
  pages={724--732},
  year={2016}
}

@inproceedings{he2016deep,
  title={Deep residual learning for image recognition},
  author={He, Kaiming and Zhang, Xiangyu and Ren, Shaoqing and Sun, Jian},
  booktitle={Proceedings of the IEEE conference on computer vision and pattern recognition},
  pages={770--778},
  year={2016}
}

@article{huang2021life,
      title={LIFE: Lighting Invariant Flow Estimation}, 
      author={Zhaoyang Huang and Xiaokun Pan and Runsen Xu and Yan Xu and Ka chun Cheung and Guofeng Zhang and Hongsheng Li},
      journal={arXiv},
      year={2021}
}

@inproceedings{carreira2017quo,
  title={Quo vadis, action recognition? a new model and the kinetics dataset},
  author={Carreira, Joao and Zisserman, Andrew},
  booktitle={proceedings of the IEEE Conference on Computer Vision and Pattern Recognition},
  pages={6299--6308},
  year={2017}
}